@article{Hauko,
author = {Hauko,R.  and Repnik,R. },
title = {Damped harmonic oscillation: Linear or quadratic drag force?},
journal = {American Journal of Physics},
volume = {87},
number = {11},
pages = {910-914},
year = {2019},
doi = {10.1119/1.5124978},
}

@article{pendulum,
author = {Gaal, Rachel},
title = {June 16, 1657: Christiaan Huygens Patents the First Pendulum Clock},
publisher = {American Physics Society},
volume = {26},
number = {6},
year = {2017},
url = {https://www.aps.org/publications/apsnews/201706/history.cfm}
}

@online{tracker,
author = {Brown, Douglas},
title = {Tracker 5.0 Help},
url = {https://physlets.org/tracker/tracker_help.pdf}
}

@online{uncertainties,
author = {Lebigot, Eric},
title = {Python Uncertainties Package},
url = {https://pythonhosted.org/uncertainties/}
}

@article{doi:10.1119/1.1457310,
author = {Kidd,Richard B.  and Fogg,Stuart L. },
title = {A simple formula for the large-angle pendulum period},
journal = {The Physics Teacher},
volume = {40},
number = {2},
pages = {81-83},
year = {2002},
doi = {10.1119/1.1457310},

URL = { 
        https://doi.org/10.1119/1.1457310
    
},
eprint = { 
        https://doi.org/10.1119/1.1457310
    
}

}


