@FOOTNOTE{Note1,key="Note1",note="It's not ``just'' a \protect \href  {https://youtu.be/kmgwYrwJ3M8?t=129}{swinging delta function}"}
