@article{ISA,
author = "Cavcar, Mustafa",
title = "The International Standard Atmosphere (ISA)",
publisher = "University of Buenos Aires"
}