@article{Hauko,
author = {Hauko,R.  and Repnik,R. },
title = {Damped harmonic oscillation: Linear or quadratic drag force?},
journal = {American Journal of Physics},
volume = {87},
number = {11},
pages = {910-914},
year = {2019},
doi = {10.1119/1.5124978},
}

@article{pendulum,
author = {Gaal, Rachel},
title = {June 16, 1657: Christiaan Huygens Patents the First Pendulum Clock},
publisher = {American Physics Society},
volume = {26},
number = {6},
year = {2017},
url = {https://www.aps.org/publications/apsnews/201706/history.cfm}
}

@online{tracker,
author = {Brown, Douglas},
title = {Tracker 5.0 Help},
url = {https://physlets.org/tracker/tracker_help.pdf}
}

@online{uncertainties,
author = {Lebigot, Eric},
title = {Python Uncertainties Package},
url = {https://pythonhosted.org/uncertainties/}
}