@article{doi:10.1119/1.1457310,
author = {Kidd,Richard B.  and Fogg,Stuart L. },
title = {A simple formula for the large-angle pendulum period},
journal = {The Physics Teacher},
volume = {40},
number = {2},
pages = {81-83},
year = {2002},
doi = {10.1119/1.1457310},

URL = { 
        https://doi.org/10.1119/1.1457310
    
},
eprint = { 
        https://doi.org/10.1119/1.1457310
    
}

}


